@article{DynamicKelvinlets,
 author = {De Goes, Fernando and James, Doug L.},
 title = {Dynamic Kelvinlets: Secondary Motions Based on Fundamental Solutions of Elastodynamics},
 journal = {ACM Trans. Graph.},
 issue_date = {August 2018},
 volume = {37},
 number = {4},
 month = jul,
 year = {2018},
 issn = {0730-0301},
 pages = {81:1--81:10},
 articleno = {81},
 numpages = {10},
 url = {http://doi.acm.org/10.1145/3197517.3201280},
 doi = {10.1145/3197517.3201280},
 acmid = {3201280},
 publisher = {ACM},
 address = {New York, NY, USA},
 keywords = {elastic waves, linear elastodynamics},
} 

@article{RegularizedKelvinlets,
 author = {De Goes, Fernando and James, Doug L.},
 title = {Regularized Kelvinlets: Sculpting Brushes Based on Fundamental Solutions of Elasticity},
 journal = {ACM Trans. Graph.},
 issue_date = {July 2017},
 volume = {36},
 number = {4},
 month = jul,
 year = {2017},
 issn = {0730-0301},
 pages = {40:1--40:11},
 articleno = {40},
 numpages = {11},
 url = {http://doi.acm.org/10.1145/3072959.3073595},
 doi = {10.1145/3072959.3073595},
 acmid = {3073595},
 publisher = {ACM},
 address = {New York, NY, USA},
 keywords = {linear elasticity, sculpting brushes},
}

@misc{Github,
  author = {Singh, Jasmeet and Pagurek, Dave},
  title  = {Dynamic Kelvinlets},
  month  = dec,
  year   = 2019,
  url    = {https://github.com/davepagurek/DynamicKelvinlets}
}

@misc{OpenFrameworks,
  title = {OpenFrameworks 0.10.1},
  url = {https://openframeworks.cc},
  year = 2018
}

@misc{Stanford,
  title = {Stanford 3D Scanning Repository},
  author = {Stanford Computer Graphics Laboratory},
  year = 1996,
  url = {http://www-graphics.stanford.edu/data/3Dscanrep}
}

@misc{Bullet,
  title = {Bullet Physics SDK 2.88},
  year = 2018,
  url = {https://github.com/bulletphysics/bullet3}
}

@misc{Blender,
  title = {Blender 2.81},
  year = 2019,
  url = {https://www.blender.org/download/releases/2-81}
}
